% This file was created with JabRef 2.10.
% Encoding: Cp1252


@TechReport{StowaKrooslagen,
  Title                    = {Ontstaan en bestrijden van deklagen van kroos. 2. Modelmatige benadering van de kroosontwikkeling en beoordeling van beheersbaarheid.},
  Author                   = {Anonymous},
  Institution              = {STOWA},
  Year                     = {1992},
  Number                   = {92-10},
  Type                     = {Report},

  Owner                    = {markus},
  Timestamp                = {2015.12.17}
}

@Article{BarkoSmart,
  Title                    = {Comparative influences of light and temperature on the growth and metabolism of selected submersed freswater macrophytes},
  Author                   = {Barko, J.W. and Smart, R.M.},
  Journal                  = {Ecological Monographs},
  Year                     = {1981},
  Pages                    = {219-235},
  Volume                   = {51},

  Owner                    = {markus},
  Timestamp                = {2015.12.16}
}

@Article{DevelopmentMicrophytobenthos,
  Title                    = {The development of microphytobenthos},
  Author                   = {Blauw and et al},
  Journal                  = {??},
  Year                     = {2003},
  Pages                    = {??},
  Volume                   = {??},

  Owner                    = {markus},
  Timestamp                = {2015.12.16}
}

@Article{CaladoDuarte,
  Title                    = {??},
  Author                   = {Calado and Duarte},
  Journal                  = {??},
  Year                     = {2000},

  Owner                    = {markus},
  Timestamp                = {2015.12.17}
}

@Book{RiversHandbook,
  Title                    = {The rivers handbook},
  Author                   = {Calow, P. and Petss, G.E.},
  Publisher                = {Blackwell, Oxford},
  Year                     = {1992},
  Volume                   = {Volume I},

  Owner                    = {markus},
  Timestamp                = {2015.12.16}
}

@Article{Coops,
  Title                    = {??},
  Author                   = {Coops, H.},
  Journal                  = {??},
  Year                     = {1996},

  Owner                    = {markus},
  Timestamp                = {2015.12.17}
}

@Article{Dodds,
  Title                    = {??},
  Author                   = {Dodds, W.K.},
  Journal                  = {??},
  Year                     = {2002},

  Owner                    = {markus},
  Timestamp                = {2015.12.17}
}

@Article{Eugelink,
  Title                    = {??},
  Author                   = {Eugelink},
  Journal                  = {??},
  Year                     = {1998},

  Owner                    = {markus},
  Timestamp                = {2015.12.17}
}

@Article{GraneliSolander,
  Title                    = {??},
  Author                   = {Gran\'eli and Solander},
  Journal                  = {??},
  Year                     = {1988},

  Owner                    = {markus},
  Timestamp                = {2015.12.17}
}

@Article{MarteHartman,
  Title                    = {??},
  Author                   = {De Marte and Hartman},
  Journal                  = {??},
  Year                     = {1974},

  Owner                    = {markus},
  Timestamp                = {2015.12.17}
}

@Article{MeulemanEtAl,
  Title                    = {??},
  Author                   = {Meuleman and et al.},
  Journal                  = {??},
  Year                     = {2002},

  Owner                    = {markus},
  Timestamp                = {2015.12.17}
}

@Article{Pot,
  Title                    = {??},
  Author                   = {Pot},
  Journal                  = {??},
  Year                     = {2003},

  Owner                    = {markus},
  Timestamp                = {2015.12.17}
}

@Article{Riener,
  Title                    = {??},
  Author                   = {Riener},
  Journal                  = {??},
  Year                     = {1984},

  Owner                    = {markus},
  Timestamp                = {2015.12.17}
}

@Book{EcologyRivers,
  Title                    = {Ecology of Shallow Lakes},
  Author                   = {Scheffer, M.},
  Publisher                = {Chapman and Hall},
  Year                     = {1998},

  Owner                    = {markus},
  Timestamp                = {2015.12.16}
}

@Article{VermeerEtAl,
  Title                    = {??},
  Author                   = {Vermeer and et al.},
  Journal                  = {??},
  Year                     = {2003},

  Owner                    = {markus},
  Timestamp                = {2015.12.17}
}

