@Article{broch2012, 
author  = "Ole Jacob Broch, Dag Slagstad",
title   = "Modelling seasonal growth and composition of the kelp Saccharina latissima",
journal = "Journal of Applied Phycology",
Year    = {2012},
Pages   = {259-776},
Volume  = {24},
Issue   = {4},
}

@Article{sjotun1993,
author  = "Inga Kjersti Sj√∏tun",
title   = "Seasonal Lamina Growth in two Age Groups of Laminaria saccharina (L.) Lamour. in Western Norway",
journal = "Botanica Marina",
year    = {1993},
Pages   = {433-441},
Volume  = {36},
Issue   = {5},
}
